@preamble{ "\newcommand{\noopsort}[1]{} "
	# "\newcommand{\singleletter}[1]{#1} " }


@string( ADW = {Addison-Wesley} )
@string{ AMS = {American Mathematical Society}}

{{{ Deutsch

{{{ Mathematik

}}}
{{{ Informatik

{{{ Theorie 

@book{Hopcroft/Ullman,
	AUTHOR = {John E. Hopcroft and Jeffrey D. Ullman},
	TITLE = {Einf{\"u}hrung in die Automatentheorie, 
                 formale Sprachen und Komplexit{\"a}tstheorie},
	PUBLISHER = ADW # " (Deutschland)",
	NOTE = "this is " # "a test containing an abbreviation: "
 # ADW,
	ADDRESS = "Bonn",
	YEAR = 1990}

}}}
{{{ LISP

@BOOK{Handke,
	AUTHOR = "",
	TITLE = "NatÅrliche Sprache: 
Theorie und Implementierung in LISP",
	PUBLISHER = "McGraw-Hill",
	ADDRESS = "Hamburg",
	YEAR = 1989 }

}}}

}}}
{{{ Linguistik

@BOOK{Hermanns,
	AUTHOR = abbrev,
	TITLE = "Die KalkÅlisierung der Grammatik",
	PUBLISHER = "Julius Groos",
	ADDRESS = "Heidelberg",
	YEAR = 1977,
	ISBN = "3-87276-019-X"}

}}}

{{{ Sonstiges

}}}

}}}

{{{ English

{{{ Mathematics

@BOOK{Ore,
	AUTHOR = "Oystein Ore",
	TITLE = "Theory of Graphs",
	PUBLISHER = AMS,
	ADDRESS = "Providence (RI)",
	SERIES = AMS # " Colloquium Publications",
	VOLUME = 38,
	YEAR = 1962}

}}}
{{{ Computer Science

{{{ Theory

@PHDTHESIS{Shieber:phd,
	AUTHOR = "Stuart M. Shieber",
	TITLE = "Parsing and Type Inference 
for Natural and Computer Languages",
	SCHOOL = "Stanford University",
	YEAR = 1989 }

}}}
{{{ Jargon

@BOOK{Jargon.File,
	EDITOR = "Eric S. Raymond and Guy L. {Steele Jr.}",
	TITLE = "Jargon File 2.9.9", 
	PUBLISHER = "on-line",
	YEAR = 1992, 
	MONTH = "1 April" ,
	NOTE = "Version 2.9.6 dieser Datei erschien als 
{\it The New Hacker's Dictionary}, Cambridge (MA) 1991." }

@BOOK{Hacker's.Dictionary,
	EDITOR = "Eric S. Raymond",
	TITLE = "The New Hacker's Dictionary",
	PUBLISHER = "MIT Press",
	ADDRESS = "Cambridge (MA)",
	YEAR = 1991,
	NOTE = "This is a snapshot of the Jargon File version 2.9.6" }

}}}
{{{ LISP

@MANUAL{CLTL2,
	AUTHOR = "Guy L. {Steele Jr.}",
	TITLE = "Common Lisp. The Language",
	EDITION = "zweite",
	PUBLISHER = "Digital Press",
	ADDRESS = "Bedford (MA)",
	YEAR = 1990 }

@BOOK{NLP.in.lisp,
	AUTHOR = "Gerald Gazdar and Chris Mellish",
	TITLE = "Natural Language Processing in LISP",
	PUBLISHER = Adw,
	ADDRESS = "Wokingham",
	YEAR = 1989 }

}}}
{{{ Artificial Intelligence

@BOOK{Norvig,
	AUTHOR = "Peter Norvig",
	TITLE = "Paradigms of Artificial Intelligence Programming: 
Case Studies in Common Lisp",
	PUBLISHER = "Morgan Kaufmann",
	ADDRESS = "San Mateo (CA)",
	YEAR = 1992 }

@BOOK{Winston,
	AUTHOR = "Patrick Henry Winston",
	TITLE = "Artificial Intelligence",
	EDITION = "zweite",
	PUBLISHER = Adw,
	ADDRESS = "Reading (MA)",
	YEAR = 1984 }

}}}

}}}
{{{ Linguistics

@BOOK{GPSG,
	AUTHOR = "Gerald Gazdar and Ewan Klein 
and Geoffrey Pullum and Ivan Sag",
	TITLE = "Generalized Phrase Structure Grammar",
	PUBLISHER = "Blackwell",
	ADDRESS = "Oxford",
	YEAR = 1985 }

@BOOK{Partee,
	AUTHOR = "Barbara H. Partee and Alice ter Meulen 
and Robert E. Wall",
	TITLE = "Mathematical Methods in Linguistics",
	PUBLISHER = "Kluwer",
	ADDRESS = "Dordrecht",
	YEAR = 1990 }

@BOOK{Chomsky:Structures,
	AUTHOR = "Noam Chomsky",
	TITLE = "Syntactic Structures",
	PUBLISHER = "Mouton",
	ADDRESS = "Den Haag",
	YEAR = 1957}

@ARTICLE{Shieber:Swiss,
	AUTHOR = "Stuart M. Shieber",
	TITLE = "Evidence Against the Context-Freeness 
of Natural Language",
	JOURNAL = "Linguistics and Philosophy",
	VOLUME = 8,
	PAGES = "333--343",
	YEAR = 1985}

@BOOK{Shieber:Intro,
	AUTHOR = "Stuart M. Shieber",
	TITLE = "An Introduction to Unification-Based 
Approches to Grammar",
	PUBLISHER = "CSLI",
	ADDRESS = "Stanford (CA)",
	SERIES = "CSLI Lecture Notes",
	VOLUME = 4,
	YEAR = 1986}

}}}
{{{ Logic

@BOOK{Quine:Methods,
	AUTHOR = "Willard V. O. Quine",
	TITLE = "Methods of Logic",
	PUBLISHER = "Holt, Rinehart and Wilson",
	ADDRESS = "New York",
	YEAR = 1964}

}}}

{{{ Other

@BOOK{Penrose,
	AUTHOR = "Roger Penrose",
	TITLE = "The Emperor's New Mind",
	PUBLISHER = "Vintage",
	ADDRESS = "London",
	YEAR = 1990 }

@BOOK{GEB,
	AUTHOR = "Douglas R. Hofstadter",
	TITLE = "Gîdel, Escher, Bach",
	PUBLISHER = "Basic Books",
	ADDRESS = "",
	YEAR = 1979 }

}}}

}}}

@STRING( this = "is an abbreviation" )

This is a comment.


@TECHREPORT{            letter-spirit-quick
  , AUTHOR = "Gary McGraw and Douglas R. Hofstadter"
  , TITLE = "A Quick Synopsis of the Letter Spirit Project: High-Level Perception and Creation of Letterforms Using Fluid Concepts"
  , NUMBER = "68"
  , YEAR = "1992"
  , MONTH = "November"
  , ADDRESS = "510 North Fess, Bloomington, IN, 47405"
  , INSTITUTION = "Center for Research on Concepts and Cognition"
  , note = "To be presented at the 1993 AAAI Symposium on Creativity."
}
%%%%%%%%%%%%%%%%%%%%%%%%%%%%%%%%%%%%%%%%%%%%%%%%%%%%%%%%%%%%%%%%%%%
 
@TECHREPORT{            letter-spirit
  , AUTHOR = "McGraw, Gary"
  , TITLE = "Letter Spirit: Recognition and Creation of Letterforms Based on Fluid Concepts"
  , NUMBER = "61"
  , YEAR = "1992"
  , MONTH = "June"
  , ADDRESS = "510 North Fess, Bloomington, IN, 47405"
  , INSTITUTION = "Center for Research on Concepts and Cognition"
}
%%%%%%%%%%%%%%%%%%%%%%%%%%%%%%%%%%%%%%%%%%%%%%%%%%%%%%%%%%%%%%%%%%%
 
@TECHREPORT{            drh-fluid
  , AUTHOR = "Hofstadter, D.R."
  , TITLE = "Fluid Analogies and Human Creativity"
  , NUMBER = "16"
  , YEAR = "1987"
  , ADDRESS = "Indiana University, Bloomington, IN"
  , INSTITUTION = "Center for Research on Concepts and Cognition"
}
%%%%%%%%%%%%%%%%%%%%%%%%%%%%%%%%%%%%%%%%%%%%%%%%%%%%%%%%%%%%%%%%%%%
 
@INBOOK{                drh-variations
  , AUTHOR = "Hofstadter, D.R."
  , TITLE = "Metamagical Themas"
  , CHAPTER = "12: Variations on a theme as the crux of creativity"
  , PAGES = "232-259"
  , YEAR = "1985"
  , PUBLISHER = "Basic Books"
  , ADDRESS = "New York"
}
%%%%%%%%%%%%%%%%%%%%%%%%%%%%%%%%%%%%%%%%%%%%%%%%%%%%%%%%%%%%%%%%%%%
 
@INBOOK{                drh-metafont
  , AUTHOR = "Hofstadter, D.R."
  , TITLE = "Metamagical Themas"
  , CHAPTER = "13: Metafont, Metamathematics, and Metaphysics:
Comments on Donald Knuth's Article ``The Concept of a Meta-Font''"
  , PAGES = "232-259"
  , YEAR = "1985"
  , PUBLISHER = "Basic Books"
  , ADDRESS = "New York"
}
%%%%%%%%%%%%%%%%%%%%%%%%%%%%%%%%%%%%%%%%%%%%%%%%%%%%%%%%%%%%%%%%%%%
 
@INBOOK{                drh-creativity
  , AUTHOR = "Hofstadter, D.R."
  , TITLE = "Metamagical Themas"
  , CHAPTER = "23: On the seeming paradox of mechanizing creativity"
  , PAGES = "547-603"
  , YEAR = "1985"
  , PUBLISHER = "Basic Books"
  , ADDRESS = "New York"
}
%%%%%%%%%%%%%%%%%%%%%%%%%%%%%%%%%%%%%%%%%%%%%%%%%%%%%%%%%%%%%%%%%%%
 
@INCOLLECTION{          drh+mm-creativity
  , AUTHOR = "Hofstadter, D.R. and Mitchell, M."
  , EDITOR = "Goebel, R."
  , TITLE = "Concepts, Analogies, and Creativity"
  , BOOKTITLE = {\em CSCSI-88: Proceedings of the Seventh Biennial Conference of the Canadian Society for Computational Studies of Intelligence}
  , PAGES = "94-101"
  , YEAR = "1988"
  , PUBLISHER = ""
  , ADDRESS = "Edmonton, Alberta, Canada"
}
%%%%%%%%%%%%%%%%%%%%%%%%%%%%%%%%%%%%%%%%%%%%%%%%%%%%%%%%%%%%%%%%%%%
 
@BOOK{          drh-ambigrammi
  , AUTHOR = "Douglas R. Hofstadter"
  , TITLE = "Ambigrammi: un microcosmo ideal per lo studio della creativit\`{a}"  , YEAR = "1987"
  , PUBLISHER = "hopefulmonster"
  , ADDRESS = "Firenze"
  , note = "Published in Italian"
}
%%%%%%%%%%%%%%%%%%%%%%%%%%%%%%%%%%%%%%%%%%%%%%%%%%%%%%%%%%%%%%%%%%%
 
@UNPUBLISHED{           crcc-creativity-workshop
  , AUTHOR = "Douglas R. Hofstadter"
  , TITLE = "Some Ideas and Questions about Creativity for the ``Mechanisms of Creativity'' Workshop"
  , YEAR = "1992"
  , MONTH = "March"
  , note = "(revised edition for the second Workshop).  Center for Research on Concepts and Cognition, Bloomington, IN, 47405"
}
%%%%%%%%%%%%%%%%%%%%%%%%%%%%%%%%%%%%%%%%%%%%%%%%%%%%%%%%%%%%%%%%%%%
 
@INPROCEEDINGS{		dehn81
  , AUTHOR = "Dehn, N."
  , TITLE = "Story Generation after Tale-Spin"
  , BOOKTITLE = {\em Proceedings of the Seventh International Joint Conference on Artificial Intelligence}
  , YEAR = "1981"
}
%%%%%%%%%%%%%%%%%%%%%%%%%%%%%%%%%%%%%%%%%%%%%%%%%%%%%%%%%%%%%%%%%%%
 
@INBOOK{		chef
  , AUTHOR = "Hammond, K.J."
  , EDITOR = "Riesbeck, C.K. and Schank, R.C."
  , TITLE = "Inside Case-Based Reasoning"
  , CHAPTER = "6: CHEF"
  , PAGES = "165-211"
  , YEAR = "1989"
  , PUBLISHER = "Lawrence Erlbaum and Associates"
  , ADDRESS = "Hillsdale, New Jersey"
}
%%%%%%%%%%%%%%%%%%%%%%%%%%%%%%%%%%%%%%%%%%%%%%%%%%%%%%%%%%%%%%%%%%%
 
@PHDTHESIS{		tale-spin
  , AUTHOR = "Meehan"
  , TITLE = "The Metanovel: Writing Stories by Computer"
  , YEAR = "1976"
  , ADDRESS = "New Haven, Connecticut"
  , SCHOOL = "Yale University"
}
%%%%%%%%%%%%%%%%%%%%%%%%%%%%%%%%%%%%%%%%%%%%%%%%%%%%%%%%%%%%%%%%%%%
 
@ARTICLE{		schank-leake89
  , AUTHOR = "Schank, R.C. and Leake, D."
  , TITLE = "Creativity and Learning in a Case-Based Explainer"
  , JOURNAL = {\em Artificial Intelligence}
  , VOLUME = "40"
  , NUMBER = "1-3"
  , PAGES = "353-385"
  , YEAR = "1989"
  , NOTE = "Also in Carbonelle, J. (ed.), {\it Machine Learning:
Paradigms and Methods}, MIT Press, Cambridge, MA, 1990"
}
%%%%%%%%%%%%%%%%%%%%%%%%%%%%%%%%%%%%%%%%%%%%%%%%%%%%%%%%%%%%%%%%%%%
 
@BOOK{		schank86
  , AUTHOR = "Schank, R.C."
  , TITLE = "Explanation Patterns: Understanding Mechanically and Creatively"
  , YEAR = "1986"
  , PUBLISHER = "Lawrence Erlbaum Associates"
  , ADDRESS = "Hillsdale, New Jersey"
}
%%%%%%%%%%%%%%%%%%%%%%%%%%%%%%%%%%%%%%%%%%%%%%%%%%%%%%%%%%%%%%%%%%%
 
@PHDTHESIS{		daydreamer
  , AUTHOR = "Mueller, E.T."
  , TITLE = "Daydreaming and Computation: A Computer Model of Everyday Creativity, Learning, and Emotions in the Human Stream of Thought"
  , YEAR = "1987"
  , ADDRESS = "Los Angeles, California"
  , SCHOOL = "University of California, Los Angeles"
}
%%%%%%%%%%%%%%%%%%%%%%%%%%%%%%%%%%%%%%%%%%%%%%%%%%%%%%%%%%%%%%%%%%%
 
@BOOK{		bacon
  , AUTHOR = "Langley, P. and Simon, H.A. and Bradshaw, G.L. and Zytkow, J.M."
  , TITLE = "Scientific discovery: Computational explorations of the creative process"
  , YEAR = "1987"
  , PUBLISHER = "MIT Press"
  , ADDRESS = "Cambridge, Mass."
}
%%%%%%%%%%%%%%%%%%%%%%%%%%%%%%%%%%%%%%%%%%%%%%%%%%%%%%%%%%%%%%%%%%%
 
@ARTICLE{		tale-spin2
  , AUTHOR = "Meehan, J.R."
  , TITLE = "Tale-Spin, An Interactive Program that Writes Stories"
  , JOURNAL = {\em Natural Language}
  , VOLUME = "5"
  , PAGES = "91-98"
  , YEAR = "1978"
}
%%%%%%%%%%%%%%%%%%%%%%%%%%%%%%%%%%%%%%%%%%%%%%%%%%%%%%%%%%%%%%%%%%%
 
@INBOOK{		am
  , AUTHOR = "Lenat, D.B."
  , EDITOR = "Davis, R. and Lenat, D.B."
  , TITLE = "Knowledge-Based Systems in Artificial Intelligence"
  , CHAPTER = "AM: Discovery in mathematics as heuristic search"
  , PAGES = "1-225"
  , YEAR = "1982"
  , PUBLISHER = "McGraw-Hill"
  , ADDRESS = "New York"
}
%%%%%%%%%%%%%%%%%%%%%%%%%%%%%%%%%%%%%%%%%%%%%%%%%%%%%%%%%%%%%%%%%%%
 
@ARTICLE{		lenat-heuristic
  , AUTHOR = "Lenat, D.B."
  , TITLE = "Theory formation by heuristic search"
  , JOURNAL = {\em Artificial Intelligence}
  , VOLUME = "21"
  , NUMBER = "1,2"
  , PAGES = "31-59"
  , YEAR = "1983"
}
%%%%%%%%%%%%%%%%%%%%%%%%%%%%%%%%%%%%%%%%%%%%%%%%%%%%%%%%%%%%%%%%%%%
 
@ARTICLE{		eurisko
  , AUTHOR = "Lenat, D.B."
  , TITLE = "EURISKO: A program that learns new heuristics and domain concepts"
  , JOURNAL = {\em Artificial Intelligence}
  , VOLUME = "21"
  , NUMBER = "1,2"
  , PAGES = "61-98"
  , YEAR = "1983"
}
%%%%%%%%%%%%%%%%%%%%%%%%%%%%%%%%%%%%%%%%%%%%%%%%%%%%%%%%%%%%%%%%%%%
 
@INPROCEEDINGS{		kolodner
  , AUTHOR = "Kolodner and Penberthy"
  , TITLE = "A Case-Based Approach to Creativity in Problem-Solving"
  , BOOKTITLE = {\em Proceedings of the Twelfth Annual Conference of the Cognitive Science Society}
  , PAGES = "978-985"
  , YEAR = "1990"
  , PUBLISHER = "Lawrence Earlbaum Associates"
}
%%%%%%%%%%%%%%%%%%%%%%%%%%%%%%%%%%%%%%%%%%%%%%%%%%%%%%%%%%%%%%%%%%%
 
@INCOLLECTION{		yazdani
  , AUTHOR = "Yazdani, M."
  , EDITOR = "Torrance, S.B."
  , TITLE = "Creativity in Men and Machines"
  , BOOKTITLE = {\em The Mind and the Machine: Philosophical Aspects of Artificial Intelligence}
  , PAGES = "177-181"
  , YEAR = "1984"
  , PUBLISHER = "Ellis Horwood Limited"
  , ADDRESS = "Chichester"
}
%%%%%%%%%%%%%%%%%%%%%%%%%%%%%%%%%%%%%%%%%%%%%%%%%%%%%%%%%%%%%%%%%%%
 
@ARTICLE{		gentner-on-leake
  , AUTHOR = "Gentner, D. and Forbus, K."
  , TITLE = "A Note on ``Creativity and Learning in a Case-Based Explainer''"
  , JOURNAL = {\em Artificial Intelligence}
  , VOLUME = "44"
  , PAGES = "373-375"
  , YEAR = "1990"
}
%%%%%%%%%%%%%%%%%%%%%%%%%%%%%%%%%%%%%%%%%%%%%%%%%%%%%%%%%%%%%%%%%%%
 
@ARTICLE{		andersson
  , AUTHOR = "Andersson, H.G."
  , TITLE = "Man, Machine and Creativity"
  , JOURNAL = {\em AI \& Society: The Journal of Human and Machine Intelligence}
  , VOLUME = "3"
  , PAGES = "155-158"
  , YEAR = "1988"
}
%%%%%%%%%%%%%%%%%%%%%%%%%%%%%%%%%%%%%%%%%%%%%%%%%%%%%%%%%%%%%%%%%%%
 
@BOOK{		schank-creative-attitude
  , AUTHOR = "Schank, R.C. and Childers, P."
  , TITLE = "The Creative Attitude: Learning to ask and answer the right questions"
  , YEAR = "1988"
  , PUBLISHER = "MacMillan"
  , ADDRESS = "New York"
}
%%%%%%%%%%%%%%%%%%%%%%%%%%%%%%%%%%%%%%%%%%%%%%%%%%%%%%%%%%%%%%%%%%%
 
@BOOK{		finke-creative-imagery
  , AUTHOR = "Finke, R."
  , TITLE = "Creative Imagery"
  , YEAR = "1990"
  , PUBLISHER = "Lawrence Erlbaumn Associates"
  , ADDRESS = "Hillsdale, NJ"
}
%%%%%%%%%%%%%%%%%%%%%%%%%%%%%%%%%%%%%%%%%%%%%%%%%%%%%%%%%%%%%%%%%%%
 
@BOOK{		altshuller-creativity-science
  , AUTHOR = "Altshuller, G.S."
  , TITLE = "Creativity as an Exact Science: The theory of the solution of inventive problems"
  , YEAR = "1988"
  , PUBLISHER = "Gordon and Breach Science Publishers"
  , SERIES = "Studies in Cybernetics"
  , ADDRESS = "New York"
}
%%%%%%%%%%%%%%%%%%%%%%%%%%%%%%%%%%%%%%%%%%%%%%%%%%%%%%%%%%%%%%%%%%%
 
@BOOK{		crozier-art-perception
  , EDITOR = "Crozier, W.R. and Chapman, A.J."
  , TITLE = "Cognitive Processes in the Perception of Art"
  , YEAR = "1984"
  , PUBLISHER = "North Holland"
  , SERIES = "Advances in Psychology (19)"
  , ADDRESS = "Amsterdam"
}
%%%%%%%%%%%%%%%%%%%%%%%%%%%%%%%%%%%%%%%%%%%%%%%%%%%%%%%%%%%%%%%%%%%
 
@BOOK{		racter
  , AUTHOR = "Chamberlain, W."
  , TITLE = "The Policeman's Beard is Half-Constructed: computer prose
and poetry"
  , YEAR = "1984"
  , PUBLISHER = "Warner Software/Books"
  , ADDRESS = "New York"	
}
%%%%%%%%%%%%%%%%%%%%%%%%%%%%%%%%%%%%%%%%%%%%%%%%%%%%%%%%%%%%%%%%%%%
 
@BOOK{		aaron
  , AUTHOR = "McCorduck, P."
  , TITLE = "Aaron's Code: meta-art, artificial intellgence and the work of Harold Cohen"
  , YEAR = "1991"
  , PUBLISHER = "Freeman"
  , ADDRESS = "New York"
}
%%%%%%%%%%%%%%%%%%%%%%%%%%%%%%%%%%%%%%%%%%%%%%%%%%%%%%%%%%%%%%%%%%%
 
@BOOK{		boden
  , AUTHOR = "Margaret A. Boden"
  , TITLE = "The Creative Mind: Myths and Mechanisms"
  , YEAR = "1990"
  , PUBLISHER = "Weidenfeld and Nicolson"
  , ADDRESS = "London"
}
%%%%%%%%%%%%%%%%%%%%%%%%%%%%%%%%%%%%%%%%%%%%%%%%%%%%%%%%%%%%%%%%%%%
 
@BOOK{		sternberg
  , EDITOR = "Robert J. Sternberg"
  , TITLE = "The Nature of Creativity: Contemporary Psychological Perspectives"
  , YEAR = "1988"
  , PUBLISHER = "Cambridge University Perss"
  , ADDRESS = "Cambridge"
}
%%%%%%%%%%%%%%%%%%%%%%%%%%%%%%%%%%%%%%%%%%%%%%%%%%%%%%%%%%%%%%%%%%%
 
@BOOK{		kim
  , AUTHOR = "Steven H. Kim"
  , TITLE = "Essence of Creativity: A guide to tackling difficult problems"
  , YEAR = "1990"
  , PUBLISHER = "Oxford University Press"
  , ADDRESS = "New York"
}
%%%%%%%%%%%%%%%%%%%%%%%%%%%%%%%%%%%%%%%%%%%%%%%%%%%%%%%%%%%%%%%%%%%
 
@TECHREPORT{		rowe-compare
  , AUTHOR = "Jon Rowe and Derek Partridge"
  , TITLE = "Creativity: Two Theories Modelled and Compared"
  , NUMBER = "R 213"
  , YEAR = "1991"
  , ADDRESS = "University of Exeter, UK"
  , INSTITUTION = "Department of Computer Science"
}
%%%%%%%%%%%%%%%%%%%%%%%%%%%%%%%%%%%%%%%%%%%%%%%%%%%%%%%%%%%%%%%%%%%
 
@TECHREPORT{		rowe-genesis
  , AUTHOR = "Jon Rowe and Derek Partridge"
  , TITLE = "Creativity: A Survey of AI Approaches"
  , NUMBER = "R 214"
  , YEAR = "1991"
  , ADDRESS = "University of Exeter, UK"
  , INSTITUTION = "Department of Computer Science"
}
%%%%%%%%%%%%%%%%%%%%%%%%%%%%%%%%%%%%%%%%%%%%%%%%%%%%%%%%%%%%%%%%%%%
 
@TECHREPORT{		rowe-survey
  , AUTHOR = "Jon Rowe and Derek Partridge"
  , TITLE = "Creativity: Learning Flexible Representations Through Emergent Memory"
  , NUMBER = "R 215"
  , YEAR = "1991"
  , ADDRESS = "University of Exeter, UK"
  , INSTITUTION = "Department of Computer Science"
}
%%%%%%%%%%%%%%%%%%%%%%%%%%%%%%%%%%%%%%%%%%%%%%%%%%%%%%%%%%%%%%%%%%%
 
@BOOK{		vernon
  , AUTHOR = "P.E. Vernon"
  , TITLE = "Creativity"
  , YEAR = "1970"
  , PUBLISHER = "Penguin Press"
}
%%%%%%%%%%%%%%%%%%%%%%%%%%%%%%%%%%%%%%%%%%%%%%%%%%%%%%%%%%%%%%%%%%%
 
@ARTICLE{		epstein
  , AUTHOR = "S.L. Epstein"
  , TITLE = "Learning and discovery: One system's search for mathematical knowledge"
  , JOURNAL = {\em Computational Intelligence}
  , VOLUME = "4"
  , NUMBER = "1"
  , PAGES = "42-53"
  , YEAR = "1988"
}
%%%%%%%%%%%%%%%%%%%%%%%%%%%%%%%%%%%%%%%%%%%%%%%%%%%%%%%%%%%%%%%%%%%
 
@ARTICLE{		johnson-laird
  , AUTHOR = "P.N. Johnson-Laird"
  , TITLE = "Reasoning, Imagining, and Creating"
  , JOURNAL = {\em Bulletin of the British Psychological Society}
  , VOLUME = "40"
  , PAGES = "121-129"
  , YEAR = "1987"
}
%%%%%%%%%%%%%%%%%%%%%%%%%%%%%%%%%%%%%%%%%%%%%%%%%%%%%%%%%%%%%%%%%%%
 
@PHDTHESIS{		rowe
  , AUTHOR = "Jon Rowe"
  , TITLE = "Emergent Creativity: A Computational Study"
  , YEAR = "1991"
  , ADDRESS = "University of Exeter, UK"
  , SCHOOL = "Computer Science Department"
}
%%%%%%%%%%%%%%%%%%%%%%%%%%%%%%%%%%%%%%%%%%%%%%%%%%%%%%%%%%%%%%%%%%%
 
@ARTICLE{		steedman
  , AUTHOR = "Mark J. Steedman"
  , TITLE = "A generative grammar for jazz chord sequences"
  , JOURNAL = {\em Music Perception}
  , VOLUME = "2"
  , PAGES = "52-77"
  , YEAR = "1984"
}
%%%%%%%%%%%%%%%%%%%%%%%%%%%%%%%%%%%%%%%%%%%%%%%%%%%%%%%%%%%%%%%%%%%
